<record><leader>00000cas a22000007a 4500</leader><controlfield tag="001">27910333</controlfield><controlfield tag="008">930413d18691869caudn ne      0    0eng d</controlfield><datafield ind1=" " ind2=" " tag="010"><subfield code="a">sn 93050991 </subfield></datafield><datafield ind1=" " ind2=" " tag="040"><subfield code="a">CUY</subfield><subfield code="b">eng</subfield><subfield code="c">CNK</subfield><subfield code="d">OCLCQ</subfield></datafield><datafield ind1=" " ind2=" " tag="042"><subfield code="a">msc</subfield></datafield><datafield ind1="0" ind2="4" tag="245"><subfield code="a">The Daily Santa Clara union.</subfield></datafield><datafield ind1="3" ind2="0" tag="246"><subfield code="a">Santa Clara union extra</subfield></datafield><datafield ind1=" " ind2=" " tag="260"><subfield code="a">Santa Clara, Cal. :</subfield><subfield code="b">Swinnerton &amp; Swinnerton</subfield></datafield><datafield ind1=" " ind2=" " tag="300"><subfield code="a">v.</subfield></datafield><datafield ind1=" " ind2=" " tag="310"><subfield code="a">Daily (except Mon.)</subfield></datafield><datafield ind1="0" ind2=" " tag="362"><subfield code="a">Vol. 2, no. 1 (Feb. 27, 1869)-v. 2, no. 59 (May 7, 1869).</subfield></datafield><datafield ind1=" " ind2=" " tag="515"><subfield code="a">Preceded by an issue dated Feb. 22, 1869 called Santa Clara union extra.</subfield></datafield><datafield ind1=" " ind2="4" tag="651"><subfield code="a">Santa Clara (Calif.)</subfield><subfield code="v">Newspapers.</subfield></datafield><datafield ind1=" " ind2=" " tag="752"><subfield code="a">United States</subfield><subfield code="b">California</subfield><subfield code="c">Santa Clara</subfield><subfield code="d">Santa Clara.</subfield></datafield><datafield ind1="0" ind2="0" tag="780"><subfield code="t">Santa Clara union</subfield><subfield code="w">(DLC)sn 93050990</subfield></datafield><datafield ind1="1" ind2=" " tag="029"><subfield code="a">AU@</subfield><subfield code="b">000020751792</subfield></datafield></record>